% Biology References for PNAS Paper  
% Universal Biological Constant UBC-497 Discovery
% Focus: Evolution, genomics, three-domain analysis, astrobiology

% ===========================
% FOUNDATIONAL EVOLUTIONARY BIOLOGY
% ===========================

@book{darwin1859,
    title={On the Origin of Species by Means of Natural Selection},
    author={Darwin, Charles},
    year={1859},
    publisher={John Murray},
    address={London}
}

@article{mendel1866,
    title={Versuche {\"u}ber Pflanzenhybriden},
    author={Mendel, Gregor},
    journal={Verhandlungen des naturforschenden Vereines in Br{\"u}nn},
    volume={4},
    pages={3--47},
    year={1866},
    note={Foundational genetics establishing heredity principles}
}

@book{fisher1930,
    title={The genetical theory of natural selection},
    author={Fisher, Ronald Aylmer},
    year={1930},
    publisher={Oxford University Press}
}

@article{wright1931,
    title={Evolution in Mendelian populations},
    author={Wright, Sewall},
    journal={Genetics},
    volume={16},
    number={2},
    pages={97--159},
    year={1931}
}

% ===========================
% MOLECULAR EVOLUTION & PHYLOGENETICS
% ===========================

@article{zuckerkandl1965,
    title={Evolutionary divergence and convergence in proteins},
    author={Zuckerkandl, Emile and Pauling, Linus},
    journal={Evolving genes and proteins},
    pages={97--166},
    year={1965},
    publisher={Academic Press},
    note={Molecular clock theory}
}

@article{kimura1968,
    title={Evolutionary rate at the molecular level},
    author={Kimura, Motoo},
    journal={Nature},
    volume={217},
    number={5129},
    pages={624--626},
    year={1968},
    publisher={Nature Publishing Group}
}

@article{felsenstein1981,
    title={Evolutionary trees from DNA sequences: a maximum likelihood approach},
    author={Felsenstein, Joseph},
    journal={Journal of Molecular Evolution},
    volume={17},
    number={6},
    pages={368--376},
    year={1981},
    publisher={Springer}
}

@book{li1997,
    title={Molecular evolution},
    author={Li, Wen-Hsiung},
    year={1997},
    publisher={Sinauer Associates},
    note={Comprehensive molecular evolution framework}
}

% ===========================
% THREE-DOMAIN SYSTEM & ARCHAEA
% ===========================

@article{woese1977,
    title={Phylogenetic structure of the prokaryotic domain: the primary kingdoms},
    author={Woese, Carl R and Fox, George E},
    journal={Proceedings of the National Academy of Sciences},
    volume={74},
    number={11},
    pages={5088--5090},
    year={1977},
    publisher={National Acad Sciences},
    note={Discovery of Archaea as third domain}
}

@article{woese1990,
    title={Towards a natural system of organisms: proposal for the domains Archaea, Bacteria, and Eucarya},
    author={Woese, Carl R and Kandler, Otto and Wheelis, Mark L},
    journal={Proceedings of the National Academy of Sciences},
    volume={87},
    number={12},
    pages={4576--4579},
    year={1990},
    publisher={National Acad Sciences}
}

@article{huber1982,
    title={Thermotoga maritima sp. nov. represents a new genus of unique extremely thermophilic eubacteria growing up to 90°C},
    author={Huber, Robert and Langworthy, Thomas A and K{\"o}nig, Harald and others},
    journal={Archives of Microbiology},
    volume={144},
    number={4},
    pages={324--333},
    year={1986},
    publisher={Springer}
}

@article{pace1997,
    title={A molecular view of microbial diversity and the biosphere},
    author={Pace, Norman R},
    journal={Science},
    volume={276},
    number={5313},
    pages={734--740},
    year={1997},
    publisher={American Association for the Advancement of Science}
}

% ===========================
% GENOMICS & DNA STRUCTURE
% ===========================

@article{watson1953,
    title={Molecular structure of nucleic acids: a structure for deoxyribose nucleic acid},
    author={Watson, James D and Crick, Francis HC},
    journal={Nature},
    volume={171},
    number={4356},
    pages={737--738},
    year={1953},
    publisher={Nature Publishing Group}
}

@article{franklin1953,
    title={Molecular configuration in sodium thymonucleate},
    author={Franklin, Rosalind E and Gosling, Raymond G},
    journal={Nature},
    volume={171},
    number={4356},
    pages={740--741},
    year={1953},
    publisher={Nature Publishing Group}
}

@article{sanger1977,
    title={DNA sequencing with chain-terminating inhibitors},
    author={Sanger, Frederick and Nicklen, Steven and Coulson, Alan R},
    journal={Proceedings of the National Academy of Sciences},
    volume={74},
    number={12},
    pages={5463--5467},
    year={1977},
    publisher={National Acad Sciences}
}

@article{venter2001,
    title={The sequence of the human genome},
    author={Venter, J Craig and Adams, Mark D and Myers, Eugene W and others},
    journal={Science},
    volume={291},
    number={5507},
    pages={1304--1351},
    year={2001},
    publisher={American Association for the Advancement of Science}
}

% ===========================
% EXTREMOPHILE BIOLOGY
% ===========================

@article{rothschild2001,
    title={Life in extreme environments},
    author={Rothschild, Lynn J and Mancinelli, Rocco L},
    journal={Nature},
    volume={409},
    number={6823},
    pages={1092--1101},
    year={2001},
    publisher={Nature Publishing Group}
}

@article{stetter1982,
    title={Ultrathin mycelia-forming organisms from submarine volcanic areas having an optimum growth temperature of 105°C},
    author={Stetter, Karl Otto},
    journal={Nature},
    volume={300},
    number={5892},
    pages={258--260},
    year={1982},
    publisher={Nature Publishing Group}
}

@article{blochl1997,
    title={Pyrolobus fumarii, gen. and sp. nov., represents a novel group of archaea, extending the upper temperature limit for life to 113°C},
    author={Bl{\"o}chl, Elisabeth and Rachel, Reinhard and Burggraf, Siegfried and others},
    journal={Extremophiles},
    volume={1},
    number={1},
    pages={14--21},
    year={1997},
    publisher={Springer}
}

% ===========================
% RIBOSOMAL RNA & UNIVERSAL GENES
% ===========================

@article{woese1975,
    title={Evolution of the genetic code},
    author={Woese, Carl R},
    journal={The Genetic Code},
    pages={179--195},
    year={1975},
    publisher={Cold Spring Harbor Laboratory Press}
}

@article{olsen1986,
    title={Microbial ecology and evolution: a ribosomal RNA approach},
    author={Olsen, Gary J and Lane, David J and Giovannoni, Stephen J and others},
    journal={Annual Review of Microbiology},
    volume={40},
    number={1},
    pages={337--365},
    year={1986},
    publisher={Annual Reviews}
}

@article{gutell2002,
    title={The accuracy of ribosomal RNA comparative structure models},
    author={Gutell, Robin R and Lee, Jamie C and Cannone, Jamie J},
    journal={Current Opinion in Structural Biology},
    volume={12},
    number={3},
    pages={301--310},
    year={2002},
    publisher={Elsevier}
}

% ===========================
% ASTROBIOLOGY & ORIGIN OF LIFE
% ===========================

@article{miller1953,
    title={A production of amino acids under possible primitive earth conditions},
    author={Miller, Stanley L},
    journal={Science},
    volume={117},
    number={3046},
    pages={528--529},
    year={1953},
    publisher={American Association for the Advancement of Science}
}

@article{wachtershauser1988,
    title={Before enzymes and templates: theory of surface metabolism},
    author={W{\"a}chtersh{\"a}user, G{\"u}nter},
    journal={Microbiological Reviews},
    volume={52},
    number={4},
    pages={452--484},
    year={1988},
    publisher={Am Soc Microbiol}
}

@article{martin2008,
    title={Hydrothermal vents and the origin of life},
    author={Martin, William and Baross, John and Kelley, Deborah and Russell, Michael J},
    journal={Nature Reviews Microbiology},
    volume={6},
    number={11},
    pages={805--814},
    year={2008},
    publisher={Nature Publishing Group}
}

@book{deamer2011,
    title={First life: discovering the connections between stars, cells, and how life began},
    author={Deamer, David W},
    year={2011},
    publisher={University of California Press}
}

% ===========================
% COMPARATIVE GENOMICS
% ===========================

@article{koonin2005,
    title={Orthologs, paralogs, and evolutionary genomics},
    author={Koonin, Eugene V},
    journal={Annual Review of Genetics},
    volume={39},
    pages={309--338},
    year={2005},
    publisher={Annual Reviews}
}

@article{wolf2002,
    title={Genome trees and the tree of life},
    author={Wolf, Yuri I and Rogozin, Igor B and Grishin, Nick V and Koonin, Eugene V},
    journal={Trends in Genetics},
    volume={18},
    number={9},
    pages={472--479},
    year={2002},
    publisher={Elsevier}
}

@article{harris2003,
    title={The Gene Ontology (GO) database and informatics resource},
    author={Harris, Michael A and Clark, Judith and Ireland, Amelia and others},
    journal={Nucleic Acids Research},
    volume={32},
    number={suppl\_1},
    pages={D258--D261},
    year={2004},
    publisher={Oxford University Press}
}

% ===========================
% STATISTICAL GENETICS
% ===========================

@article{hardy1908,
    title={Mendelian proportions in a mixed population},
    author={Hardy, Godfrey Harold},
    journal={Science},
    volume={28},
    number={706},
    pages={49--50},
    year={1908},
    publisher={American Association for the Advancement of Science}
}

@book{falconer1996,
    title={Introduction to quantitative genetics},
    author={Falconer, Douglas Scott and Mackay, Trudy FC},
    year={1996},
    publisher={Longmans Green},
    edition={4th}
}

@article{balding2006,
    title={A tutorial on statistical methods for population association studies},
    author={Balding, David J},
    journal={Nature Reviews Genetics},
    volume={7},
    number={10},
    pages={781--791},
    year={2006},
    publisher={Nature Publishing Group}
}

% ===========================
% RECENT ADVANCES
% ===========================

@article{hug2016,
    title={A new view of the tree of life},
    author={Hug, Laura A and Baker, Brett J and Anantharaman, Karthik and others},
    journal={Nature Microbiology},
    volume={1},
    number={5},
    pages={1--6},
    year={2016},
    publisher={Nature Publishing Group}
}

@article{spang2015,
    title={Complex archaea that bridge the gap between prokaryotes and eukaryotes},
    author={Spang, Anja and Saw, Jimmy H and J{\o}rgensen, S{\o}ren L and others},
    journal={Nature},
    volume={521},
    number={7551},
    pages={173--179},
    year={2015},
    publisher={Nature Publishing Group}
}

@article{williams2020,
    title={Integrative modeling of gene and genome evolution roots the archaeal tree of life},
    author={Williams, Tom A and Cox, Cymon J and Foster, Peter G and others},
    journal={Proceedings of the National Academy of Sciences},
    volume={117},
    number={23},
    pages={12618--12627},
    year={2020},
    publisher={National Academy of Sciences}
}

% End biology references