% Information Theory References for IEEE Paper
% Statistical Data Frequency Analysis (SDFA) Mathematical Foundations  
% Focus: Compression, entropy, signal processing, pattern recognition

% ===========================
% FOUNDATIONAL INFORMATION THEORY
% ===========================

@article{shannon1948,
    title={A mathematical theory of communication},
    author={Shannon, Claude E},
    journal={The Bell System Technical Journal},
    volume={27},
    number={3},
    pages={379--423},
    year={1948},
    publisher={Nokia Bell Labs},
    note={Foundational information theory framework}
}

@article{shannon1949,
    title={Communication in the presence of noise},
    author={Shannon, Claude E},
    journal={Proceedings of the IRE},
    volume={37},
    number={1},
    pages={10--21},
    year={1949},
    publisher={IEEE}
}

@book{shannon1963,
    title={The mathematical theory of communication},
    author={Shannon, Claude Elwood and Weaver, Warren},
    year={1963},
    publisher={University of Illinois Press}
}

@article{hartley1928,
    title={Transmission of information},
    author={Hartley, Ralph Vinton Lyon},
    journal={Bell System Technical Journal},
    volume={7},
    number={3},
    pages={535--563},
    year={1928},
    publisher={Nokia Bell Labs}
}

% ===========================
% COMPRESSION ALGORITHMS & THEORY
% ===========================

@article{huffman1952,
    title={A method for the construction of minimum-redundancy codes},
    author={Huffman, David A},
    journal={Proceedings of the IRE},
    volume={40},
    number={9},
    pages={1098--1101},
    year={1952},
    publisher={IEEE}
}

@article{ziv1977,
    title={A universal algorithm for sequential data compression},
    author={Ziv, Jacob and Lempel, Abraham},
    journal={IEEE Transactions on Information Theory},
    volume={23},
    number={3},
    pages={337--343},
    year={1977},
    publisher={IEEE}
}

@article{lempel1976,
    title={On the complexity of finite sequences},
    author={Lempel, Abraham and Ziv, Jacob},
    journal={IEEE Transactions on Information Theory},
    volume={22},
    number={1},
    pages={75--81},
    year={1976},
    publisher={IEEE}
}

@article{burrows1994,
    title={A block-sorting lossless data compression algorithm},
    author={Burrows, Michael and Wheeler, David J},
    journal={Digital SRC Research Report},
    volume={124},
    year={1994}
}

@article{rissanen1976,
    title={Generalized Kraft inequality and arithmetic coding},
    author={Rissanen, Jorma and Langdon, Glen G},
    journal={IBM Journal of Research and Development},
    volume={23},
    number={3},
    pages={336--340},
    year={1979},
    publisher={IBM}
}

% ===========================
% ENTROPY & STATISTICAL MEASURES
% ===========================

@article{kolmogorov1965,
    title={Three approaches to the quantitative definition of information},
    author={Kolmogorov, Andrey Nikolaevich},
    journal={Problems of Information Transmission},
    volume={1},
    number={1},
    pages={1--7},
    year={1965}
}

@article{chaitin1966,
    title={On the length of programs for computing finite binary sequences},
    author={Chaitin, Gregory J},
    journal={Journal of the ACM (JACM)},
    volume={13},
    number={4},
    pages={547--569},
    year={1966},
    publisher={ACM New York, NY, USA}
}

@book{cover2012elements,
    title={Elements of Information Theory},
    author={Cover, Thomas M and Thomas, Joy A},
    year={2012},
    publisher={John Wiley \& Sons},
    edition={2nd}
}

@article{renyi1961,
    title={On measures of entropy and information},
    author={R{\'e}nyi, Alfr{\'e}d},
    journal={Proceedings of the Fourth Berkeley Symposium on Mathematical Statistics and Probability},
    volume={1},
    pages={547--561},
    year={1961},
    publisher={University of California Press}
}

% ===========================
% SIGNAL PROCESSING & FOURIER ANALYSIS
% ===========================

@article{cooley1965,
    title={An algorithm for the machine calculation of complex Fourier series},
    author={Cooley, James W and Tukey, John W},
    journal={Mathematics of Computation},
    volume={19},
    number={90},
    pages={297--301},
    year={1965}
}

@book{oppenheim1999,
    title={Discrete-time signal processing},
    author={Oppenheim, Alan V and Schafer, Ronald W and Buck, John R},
    year={1999},
    publisher={Prentice Hall},
    edition={2nd}
}

@book{bracewell2000,
    title={The Fourier transform and its applications},
    author={Bracewell, Ronald Newbold},
    year={2000},
    publisher={McGraw-Hill},
    edition={3rd}
}

@article{gabor1946,
    title={Theory of communication. Part 1: The analysis of information},
    author={Gabor, Dennis},
    journal={Journal of the Institution of Electrical Engineers-Part III: Radio and Communication Engineering},
    volume={93},
    number={26},
    pages={429--441},
    year={1946},
    publisher={IET}
}

% ===========================
% PATTERN RECOGNITION & FEATURE EXTRACTION
% ===========================

@book{duda2012pattern,
    title={Pattern classification},
    author={Duda, Richard O and Hart, Peter E and Stork, David G},
    year={2012},
    publisher={John Wiley \& Sons},
    edition={2nd}
}

@article{fisher1936,
    title={The use of multiple measurements in taxonomic problems},
    author={Fisher, Ronald A},
    journal={Annals of Eugenics},
    volume={7},
    number={2},
    pages={179--188},
    year={1936},
    publisher={Wiley Online Library}
}

@article{hotelling1933,
    title={Analysis of a complex of statistical variables into principal components},
    author={Hotelling, Harold},
    journal={Journal of Educational Psychology},
    volume={24},
    number={6},
    pages={417},
    year={1933},
    publisher={Warwick \& York}
}

@book{bishop2006,
    title={Pattern recognition and machine learning},
    author={Bishop, Christopher M},
    year={2006},
    publisher={Springer}
}

% ===========================
% ALGORITHMIC INFORMATION THEORY
% ===========================

@book{li2008,
    title={An introduction to Kolmogorov complexity and its applications},
    author={Li, Ming and Vit{\'a}nyi, Paul},
    year={2008},
    publisher={Springer Science \& Business Media},
    edition={3rd}
}

@article{solomonoff1964,
    title={A formal theory of inductive inference. Part I},
    author={Solomonoff, Ray J},
    journal={Information and Control},
    volume={7},
    number={1},
    pages={1--22},
    year={1964},
    publisher={Elsevier}
}

@article{martin-lof1966,
    title={The definition of random sequences},
    author={Martin-L{\"o}f, Per},
    journal={Information and Control},
    volume={9},
    number={6},
    pages={602--619},
    year={1966},
    publisher={Elsevier}
}

% ===========================
% DATA STRUCTURES & ALGORITHMS
% ===========================

@book{knuth1998,
    title={The Art of Computer Programming, Volume 3: Sorting and Searching},
    author={Knuth, Donald E},
    year={1998},
    publisher={Addison-Wesley},
    edition={2nd}
}

@article{bentley1975,
    title={Multidimensional binary search trees used for associative searching},
    author={Bentley, Jon Louis},
    journal={Communications of the ACM},
    volume={18},
    number={9},
    pages={509--517},
    year={1975},
    publisher={ACM New York, NY, USA}
}

@book{cormen2022,
    title={Introduction to algorithms},
    author={Cormen, Thomas H and Leiserson, Charles E and Rivest, Ronald L and Stein, Clifford},
    year={2022},
    publisher={MIT Press},
    edition={4th}
}

% ===========================
% WAVELETS & TIME-FREQUENCY ANALYSIS
% ===========================

@article{morlet1982,
    title={Wave propagation and sampling theoryâ€”Part I: Complex signal and scattering in multilayered media},
    author={Morlet, Jean and Arens, Georges and Fourgeau, Eliane and Glard, Dominique},
    journal={Geophysics},
    volume={47},
    number={2},
    pages={203--221},
    year={1982},
    publisher={Society of Exploration Geophysicists}
}

@article{daubechies1988,
    title={Orthonormal bases of compactly supported wavelets},
    author={Daubechies, Ingrid},
    journal={Communications on Pure and Applied Mathematics},
    volume={41},
    number={7},
    pages={909--996},
    year={1988},
    publisher={Wiley Online Library}
}

@book{mallat1999,
    title={A wavelet tour of signal processing},
    author={Mallat, St{\'e}phane},
    year={1999},
    publisher={Academic Press},
    edition={2nd}
}

% ===========================
% MACHINE LEARNING & STATISTICAL LEARNING
% ===========================

@article{vapnik1998,
    title={Statistical learning theory},
    author={Vapnik, Vladimir N},
    year={1998},
    publisher={John Wiley \& Sons}
}

@book{hastie2009,
    title={The elements of statistical learning: data mining, inference, and prediction},
    author={Hastie, Trevor and Tibshirani, Robert and Friedman, Jerome},
    year={2009},
    publisher={Springer Science \& Business Media},
    edition={2nd}
}

@article{breiman2001,
    title={Random forests},
    author={Breiman, Leo},
    journal={Machine Learning},
    volume={45},
    number={1},
    pages={5--32},
    year={2001},
    publisher={Springer}
}

% ===========================
% RECENT ADVANCES IN INFORMATION PROCESSING
% ===========================

@article{candes2006,
    title={Robust uncertainty principles: exact signal reconstruction from highly incomplete frequency information},
    author={Cand{\`e}s, Emmanuel J and Romberg, Justin and Tao, Terence},
    journal={IEEE Transactions on Information Theory},
    volume={52},
    number={2},
    pages={489--509},
    year={2006},
    publisher={IEEE}
}

@article{donoho2006,
    title={Compressed sensing},
    author={Donoho, David L},
    journal={IEEE Transactions on Information Theory},
    volume={52},
    number={4},
    pages={1289--1306},
    year={2006},
    publisher={IEEE}
}

@article{lecun2015,
    title={Deep learning},
    author={LeCun, Yann and Bengio, Yoshua and Hinton, Geoffrey},
    journal={Nature},
    volume={521},
    number={7553},
    pages={436--444},
    year={2015},
    publisher={Nature Publishing Group}
}

@article{goodfellow2014,
    title={Generative adversarial nets},
    author={Goodfellow, Ian and Pouget-Abadie, Jean and Mirza, Mehdi and others},
    journal={Advances in Neural Information Processing Systems},
    volume={27},
    year={2014}
}

% ===========================
% CODING THEORY & ERROR CORRECTION
% ===========================

@article{hamming1950,
    title={Error detecting and error correcting codes},
    author={Hamming, Richard W},
    journal={The Bell System Technical Journal},
    volume={29},
    number={2},
    pages={147--160},
    year={1950},
    publisher={Nokia Bell Labs}
}

@book{macwilliams1977,
    title={The theory of error-correcting codes},
    author={MacWilliams, Florence Jessie and Sloane, Neil James Alexander},
    year={1977},
    publisher={North-Holland Mathematical Library}
}

@article{reed1960,
    title={Polynomial codes over certain finite fields},
    author={Reed, Irving S and Solomon, Gustave},
    journal={Journal of the Society for Industrial and Applied Mathematics},
    volume={8},
    number={2},
    pages={300--304},
    year={1960},
    publisher={SIAM}
}

% ===========================
% DATABASE SYSTEMS & STORAGE
% ===========================

@book{silberschatz2019,
    title={Database system concepts},
    author={Silberschatz, Abraham and Galvin, Peter Baer and Gagne, Greg},
    year={2019},
    publisher={McGraw-Hill},
    edition={7th}
}

@article{codd1970,
    title={A relational model of data for large shared data banks},
    author={Codd, Edgar F},
    journal={Communications of the ACM},
    volume={13},
    number={6},
    pages={377--387},
    year={1970},
    publisher={ACM New York, NY, USA}
}

@book{garcia2011,
    title={Database systems: the complete book},
    author={Garcia-Molina, Hector and Ullman, Jeffrey D and Widom, Jennifer},
    year={2011},
    publisher={Prentice Hall},
    edition={2nd}
}

% End information theory references