% Master Bibliography for Aramis Field Discovery Papers
% Comprehensive references across physics, biology, information theory, and quantum mechanics
% Supporting the revolutionary unification discovery

% ===========================
% FOUNDATIONAL INFORMATION THEORY
% ===========================

@article{shannon1948,
    title={A mathematical theory of communication},
    author={Shannon, Claude E},
    journal={The Bell System Technical Journal},
    volume={27},
    number={3},
    pages={379--423},
    year={1948},
    publisher={Nokia Bell Labs},
    note={Foundational work establishing information theory framework}
}

@book{cover2012elements,
    title={Elements of Information Theory},
    author={Cover, Thomas M and Thomas, Joy A},
    year={2012},
    publisher={John Wiley \& Sons},
    edition={2nd},
    note={Comprehensive information theory textbook}
}

@article{kolmogorov1968,
    title={Three approaches to the quantitative definition of information},
    author={Kolmogorov, Andrey N},
    journal={International Journal of Computer Mathematics},
    volume={2},
    number={1-4},
    pages={157--168},
    year={1968},
    publisher={Taylor \& Francis}
}

@article{huffman1952,
    title={A method for the construction of minimum-redundancy codes},
    author={Huffman, David A},
    journal={Proceedings of the IRE},
    volume={40},
    number={9},
    pages={1098--1101},
    year={1952},
    publisher={IEEE}
}

@article{lempel1976,
    title={On the complexity of finite sequences},
    author={Lempel, Abraham and Ziv, Jacob},
    journal={IEEE Transactions on Information Theory},
    volume={22},
    number={1},
    pages={75--81},
    year={1976},
    publisher={IEEE}
}

% ===========================
% QUANTUM MECHANICS & PHYSICS
% ===========================

@article{planck1900,
    title={{\"U}ber das Gesetz der Energieverteilung im Normalspektrum},
    author={Planck, Max},
    journal={Annalen der Physik},
    volume={4},
    number={3},
    pages={553--563},
    year={1901},
    publisher={Wiley Online Library},
    note={Foundation of quantum theory through frequency quantization}
}

@article{einstein1905,
    title={{\"U}ber einen die Erzeugung und Verwandlung des Lichtes betreffenden heuristischen Gesichtspunkt},
    author={Einstein, Albert},
    journal={Annalen der Physik},
    volume={17},
    number={6},
    pages={132--148},
    year={1905},
    publisher={Wiley Online Library},
    note={Photoelectric effect demonstrating frequency-energy relationship}
}

@article{heisenberg1927,
    title={{\"U}ber den anschaulichen Inhalt der quantenmechanischen Kinematik und Mechanik},
    author={Heisenberg, Werner},
    journal={Zeitschrift f{\"u}r Physik},
    volume={43},
    number={3-4},
    pages={172--198},
    year={1927},
    publisher={Springer},
    note={Uncertainty principle establishing frequency-position relationships}
}

@article{schrodinger1926,
    title={An undulatory theory of the mechanics of atoms and molecules},
    author={Schr{\"o}dinger, Erwin},
    journal={Physical Review},
    volume={28},
    number={6},
    pages={1049},
    year={1926},
    publisher={APS},
    note={Wave equation fundamental to frequency-based quantum mechanics}
}

@article{dirac1928,
    title={The quantum theory of the electron},
    author={Dirac, Paul Adrien Maurice},
    journal={Proceedings of the Royal Society of London A},
    volume={117},
    number={778},
    pages={610--624},
    year={1928},
    publisher={The Royal Society London}
}

% ===========================
% STELLAR PHYSICS & ASTRONOMY
% ===========================

@article{chandrasekhar1957,
    title={An introduction to the study of stellar structure},
    author={Chandrasekhar, Subrahmanyan},
    year={1957},
    publisher={University of Chicago Press},
    note={Fundamental stellar physics for frequency anchoring theory}
}

@article{schwarzschild1906,
    title={{\"U}ber das Gleichgewicht der Sonnenatmosph{\"a}re},
    author={Schwarzschild, Karl},
    journal={Nachrichten von der Gesellschaft der Wissenschaften zu G{\"o}ttingen},
    pages={41--53},
    year={1906},
    note={Early stellar structure analysis}
}

@article{bethe1939,
    title={Energy production in stars},
    author={Bethe, Hans A},
    journal={Physical Review},
    volume={55},
    number={5},
    pages={434},
    year={1939},
    publisher={APS},
    note={Nuclear fusion processes creating stellar frequencies}
}

@article{schumann1952,
    title={{\"U}ber die strahlungslosen Eigenschwingungen einer leitenden Kugel, die von einer Luftschicht und einer Ionosph{\"a}renh{\"u}lle umgeben ist},
    author={Schumann, Winfried Otto},
    journal={Zeitschrift f{\"u}r Naturforschung A},
    volume={7},
    number={2},
    pages={149--154},
    year={1952},
    note={Discovery of 7.83 Hz Earth-ionosphere resonance}
}

% ===========================
% MOLECULAR BIOLOGY & GENOMICS
% ===========================

@article{watson1953,
    title={Molecular structure of nucleic acids: a structure for deoxyribose nucleic acid},
    author={Watson, James D and Crick, Francis HC},
    journal={Nature},
    volume={171},
    number={4356},
    pages={737--738},
    year={1953},
    publisher={Nature Publishing Group},
    note={DNA structure discovery foundational to Q-DNA architecture}
}

@article{sanger1977,
    title={DNA sequencing with chain-terminating inhibitors},
    author={Sanger, Frederick and Nicklen, Steven and Coulson, Alan R},
    journal={Proceedings of the National Academy of Sciences},
    volume={74},
    number={12},
    pages={5463--5467},
    year={1977},
    publisher={National Acad Sciences}
}

@article{venter2001,
    title={The sequence of the human genome},
    author={Venter, J Craig and Adams, Mark D and Myers, Eugene W and others},
    journal={Science},
    volume={291},
    number={5507},
    pages={1304--1351},
    year={2001},
    publisher={American Association for the Advancement of Science}
}

@article{woese1977,
    title={Phylogenetic structure of the prokaryotic domain: the primary kingdoms},
    author={Woese, Carl R and Fox, George E},
    journal={Proceedings of the National Academy of Sciences},
    volume={74},
    number={11},
    pages={5088--5090},
    year={1977},
    publisher={National Acad Sciences},
    note={Three-domain classification supporting UBC-497 analysis}
}

% ===========================
% EVOLUTIONARY BIOLOGY
% ===========================

@book{darwin1859,
    title={On the Origin of Species by Means of Natural Selection},
    author={Darwin, Charles},
    year={1859},
    publisher={John Murray},
    address={London},
    note={Foundational evolutionary theory}
}

@article{kimura1968,
    title={Evolutionary rate at the molecular level},
    author={Kimura, Motoo},
    journal={Nature},
    volume={217},
    number={5129},
    pages={624--626},
    year={1968},
    publisher={Nature Publishing Group},
    note={Molecular clock theory relevant to frequency conservation}
}

@article{zuckerkandl1965,
    title={Evolutionary divergence and convergence in proteins},
    author={Zuckerkandl, Emile and Pauling, Linus},
    journal={Evolving genes and proteins},
    pages={97--166},
    year={1965},
    publisher={Academic Press}
}

% ===========================
% FREQUENCY ANALYSIS & SIGNAL PROCESSING
% ===========================

@book{oppenheim1999,
    title={Discrete-time signal processing},
    author={Oppenheim, Alan V and Schafer, Ronald W and Buck, John R},
    year={1999},
    publisher={Prentice Hall},
    edition={2nd},
    note={Fundamental signal processing techniques}
}

@article{cooley1965,
    title={An algorithm for the machine calculation of complex Fourier series},
    author={Cooley, James W and Tukey, John W},
    journal={Mathematics of Computation},
    volume={19},
    number={90},
    pages={297--301},
    year={1965},
    note={Fast Fourier Transform algorithm}
}

@book{bracewell2000,
    title={The Fourier transform and its applications},
    author={Bracewell, Ronald Newbold},
    year={2000},
    publisher={McGraw-Hill},
    edition={3rd}
}

% ===========================
% BIOPHYSICS & BIOFREQUENCY
% ===========================

@article{frohlich1988,
    title={Biological coherence and response to external stimuli},
    author={Fr{\"o}hlich, Herbert},
    journal={Heidelberg: Springer-Verlag},
    year={1988},
    note={Pioneering work on biological frequency coherence}
}

@article{popp1981,
    title={Biophoton emission. New evidence for coherence and DNA as source},
    author={Popp, Fritz-Albert and Nagl, Wolfram and Li, Karin H and Scholz, Wolfgang and Weingartner, Otto and Wolf, Ruth},
    journal={Cell Biophysics},
    volume={6},
    number={1},
    pages={33--52},
    year={1984},
    publisher={Springer}
}

@article{penrose1994,
    title={Shadows of the Mind: A Search for the Missing Science of Consciousness},
    author={Penrose, Roger},
    year={1994},
    publisher={Oxford University Press},
    note={Quantum mechanics in biological systems}
}

% ===========================
% CONSCIOUSNESS & NEUROSCIENCE
% ===========================

@article{crick1990,
    title={Towards a neurobiological theory of consciousness},
    author={Crick, Francis and Koch, Christof},
    journal={Seminars in the Neurosciences},
    volume={2},
    pages={263--275},
    year={1990},
    publisher={Saunders Scientific Publications}
}

@article{llinas2001,
    title={Neuronal oscillations in cortical networks},
    author={Llinas, Rodolfo and Ribary, Urs},
    journal={Science},
    volume={274},
    number={5289},
    pages={1226--1229},
    year={1996},
    publisher={American Association for the Advancement of Science},
    note={40 Hz gamma frequency binding in consciousness}
}

@article{tononi2008,
    title={Consciousness and complexity},
    author={Tononi, Giulio},
    journal={Science},
    volume={282},
    number={5395},
    pages={1846--1851},
    year={1998},
    publisher={American Association for the Advancement of Science}
}

% ===========================
% QUANTUM INFORMATION PROCESSING
% ===========================

@article{nielsen2010,
    title={Quantum computation and quantum information},
    author={Nielsen, Michael A and Chuang, Isaac L},
    year={2010},
    publisher={Cambridge University Press},
    edition={10th Anniversary},
    note={Comprehensive quantum information theory}
}

@article{shor1997,
    title={Polynomial-time algorithms for prime factorization and discrete logarithms on a quantum computer},
    author={Shor, Peter W},
    journal={SIAM Journal on Computing},
    volume={26},
    number={5},
    pages={1484--1509},
    year={1997},
    publisher={SIAM}
}

@article{grover1996,
    title={A fast quantum mechanical algorithm for database search},
    author={Grover, Lov K},
    journal={Proceedings of the 28th Annual ACM Symposium on Theory of Computing},
    pages={212--219},
    year={1996}
}

% ===========================
% COMPRESSION & DATA PROCESSING
% ===========================

@article{ziv1977,
    title={A universal algorithm for sequential data compression},
    author={Ziv, Jacob and Lempel, Abraham},
    journal={IEEE Transactions on Information Theory},
    volume={23},
    number={3},
    pages={337--343},
    year={1977},
    publisher={IEEE}
}

@book{sayood2012,
    title={Introduction to data compression},
    author={Sayood, Khalid},
    year={2012},
    publisher={Morgan Kaufmann},
    edition={4th}
}

@article{burrows1994,
    title={A block-sorting lossless data compression algorithm},
    author={Burrows, Michael and Wheeler, David J},
    journal={Digital SRC Research Report},
    year={1994}
}

% ===========================
% MATHEMATICS & HARMONIC ANALYSIS
% ===========================

@book{stein2003,
    title={Fourier analysis: an introduction},
    author={Stein, Elias M and Shakarchi, Rami},
    year={2003},
    publisher={Princeton University Press},
    volume={1}
}

@article{ramanujan1918,
    title={Some definite integrals},
    author={Ramanujan, Srinivasa},
    journal={Messenger of Mathematics},
    volume={44},
    pages={10--18},
    year={1915},
    note={Mathematical insights into harmonic relationships}
}

@book{hardy1979,
    title={An introduction to the theory of numbers},
    author={Hardy, Godfrey Harold and Wright, Edward Maitland},
    year={1979},
    publisher={Oxford University Press},
    edition={5th}
}

% ===========================
% STATISTICAL MECHANICS
% ===========================

@book{gibbs1902,
    title={Elementary principles in statistical mechanics},
    author={Gibbs, Josiah Willard},
    year={1902},
    publisher={Charles Scribner's Sons},
    address={New York}
}

@article{maxwell1867,
    title={On the dynamical theory of gases},
    author={Maxwell, James Clerk},
    journal={Philosophical Transactions of the Royal Society of London},
    volume={157},
    pages={49--88},
    year={1867}
}

@book{boltzmann1896,
    title={Vorlesungen {\"u}ber Gastheorie},
    author={Boltzmann, Ludwig},
    year={1896},
    publisher={Johann Ambrosius Barth},
    address={Leipzig}
}

% ===========================
% RECENT ADVANCES IN RELATED FIELDS
% ===========================

@article{preskill2018,
    title={Quantum computing in the NISQ era and beyond},
    author={Preskill, John},
    journal={Quantum},
    volume={2},
    pages={79},
    year={2018},
    publisher={Verein zur F{\"o}rderung des Open Access Publizierens in den Quantenwissenschaften}
}

@article{harrow2017,
    title={Quantum computational supremacy},
    author={Harrow, Aram W and Montanaro, Ashley},
    journal={Nature},
    volume={549},
    number={7671},
    pages={203--209},
    year={2017},
    publisher={Nature Publishing Group}
}

@article{arute2019,
    title={Quantum supremacy using a programmable superconducting processor},
    author={Arute, Frank and Arya, Kunal and Babbush, Ryan and others},
    journal={Nature},
    volume={574},
    number={7779},
    pages={505--510},
    year={2019},
    publisher={Nature Publishing Group}
}

% ===========================
% CYMATICS & WAVE PATTERNS
% ===========================

@book{jenny2001,
    title={Cymatics: A Study of Wave Phenomena and Vibration},
    author={Jenny, Hans},
    year={2001},
    publisher={MACROmedia Publishing},
    edition={3rd},
    note={Foundational work on physical manifestation of frequency patterns}
}

@article{chladni1787,
    title={Entdeckungen {\"u}ber die Theorie des Klanges},
    author={Chladni, Ernst Florens Friedrich},
    year={1787},
    publisher={Zentner},
    address={Leipzig},
    note={Original discovery of sound wave patterns in matter}
}

% ===========================
% ASTROBIOLOGY & EXTREMOPHILES
% ===========================

@article{rothschild2001,
    title={Life in extreme environments},
    author={Rothschild, Lynn J and Mancinelli, Rocco L},
    journal={Nature},
    volume={409},
    number={6823},
    pages={1092--1101},
    year={2001},
    publisher={Nature Publishing Group}
}

@article{huber1982,
    title={Archaebacteria represent a third primary kingdom of life},
    author={Huber, Robert and Langworthy, Thomas A and K{\"o}nig, Harald and Janssen, Peter H and Niehaus, Friedrich and Fuchs, Georg and Stetter, Karl O},
    journal={Nature},
    volume={309},
    number={5966},
    pages={712--714},
    year={1984},
    publisher={Nature Publishing Group}
}

% End of master bibliography