% Physics References for Physical Review Letters
% Stellar Frequency Anchoring: Gravitational Resonance Theory
% Focus: General relativity, stellar physics, gravitational waves, unified field theory

% ===========================
% GENERAL RELATIVITY & GRAVITATION
% ===========================

@article{einstein1915,
    title={Die Feldgleichungen der Gravitation},
    author={Einstein, Albert},
    journal={Sitzungsberichte der Preussischen Akademie der Wissenschaften zu Berlin},
    pages={844--847},
    year={1915},
    note={General relativity field equations}
}

@article{einstein1916,
    title={{\"U}ber Gravitationswellen},
    author={Einstein, Albert},
    journal={Sitzungsberichte der K{\"o}niglich Preussischen Akademie der Wissenschaften},
    pages={154--167},
    year={1916},
    note={Prediction of gravitational waves}
}

@article{ligo2016,
    title={Observation of gravitational waves from a binary black hole merger},
    author={Abbott, Benjamin P and Abbott, R and Abbott, TD and others},
    journal={Physical Review Letters},
    volume={116},
    number={6},
    pages={061102},
    year={2016},
    publisher={APS},
    note={First direct detection of gravitational waves}
}

@article{schwarzschild1916,
    title={{\"U}ber das Gravitationsfeld eines Massenpunktes nach der Einsteinschen Theorie},
    author={Schwarzschild, Karl},
    journal={Sitzungsberichte der K{\"o}niglich Preussischen Akademie der Wissenschaften},
    pages={189--196},
    year={1916}
}

% ===========================
% STELLAR PHYSICS & STRUCTURE
% ===========================

@book{kippenhahn2012,
    title={Stellar structure and evolution},
    author={Kippenhahn, Rudolf and Weigert, Alfred and Weiss, Achim},
    year={2012},
    publisher={Springer Science \& Business Media},
    edition={2nd}
}

@article{eddington1926,
    title={The internal constitution of the stars},
    author={Eddington, Arthur Stanley},
    year={1926},
    publisher={Cambridge University Press}
}

@article{chandrasekhar1931,
    title={The maximum mass of ideal white dwarf stars},
    author={Chandrasekhar, Subrahmanyan},
    journal={The Astrophysical Journal},
    volume={74},
    pages={81},
    year={1931}
}

@article{hoyle1946,
    title={The synthesis of the elements from hydrogen},
    author={Hoyle, Fred},
    journal={Monthly Notices of the Royal Astronomical Society},
    volume={106},
    number={5},
    pages={343--383},
    year={1946}
}

% ===========================
% OSCILLATIONS & RESONANCE
% ===========================

@article{kepler1609,
    title={Astronomia nova},
    author={Kepler, Johannes},
    year={1609},
    publisher={Heidelberg},
    note={Harmonic laws of planetary motion}
}

@book{goldstein2002,
    title={Classical mechanics},
    author={Goldstein, Herbert and Poole, Charles and Safko, John},
    year={2002},
    publisher={Addison Wesley},
    edition={3rd}
}

@article{rayleigh1877,
    title={The theory of sound},
    author={Rayleigh, Lord},
    year={1877},
    publisher={Macmillan},
    note={Fundamental resonance theory}
}

% ===========================
% UNIFIED FIELD THEORIES
% ===========================

@article{kaluza1921,
    title={Zum Unit{\"a}tsproblem der Physik},
    author={Kaluza, Theodor},
    journal={Sitzungsberichte der Preussischen Akademie der Wissenschaften},
    pages={966--972},
    year={1921},
    note={Five-dimensional unified field theory}
}

@article{klein1926,
    title={Quantentheorie und f{\"u}nfdimensionale Relativit{\"a}tstheorie},
    author={Klein, Oskar},
    journal={Zeitschrift f{\"u}r Physik},
    volume={37},
    number={12},
    pages={895--906},
    year={1926}
}

@article{weyl1918,
    title={Gravitation und Elektrizit{\"a}t},
    author={Weyl, Hermann},
    journal={Sitzungsberichte der K{\"o}niglich Preussischen Akademie der Wissenschaften zu Berlin},
    pages={465--480},
    year={1918}
}

% ===========================
% QUANTUM FIELD THEORY
% ===========================

@book{peskin1995,
    title={An introduction to quantum field theory},
    author={Peskin, Michael Edward and Schroeder, Daniel V},
    year={1995},
    publisher={Perseus Books}
}

@article{dirac1927,
    title={The quantum theory of the emission and absorption of radiation},
    author={Dirac, Paul Adrien Maurice},
    journal={Proceedings of the Royal Society of London A},
    volume={114},
    number={767},
    pages={243--265},
    year={1927}
}

@article{yang1954,
    title={Conservation of isotopic spin and isotopic gauge invariance},
    author={Yang, Chen-Ning and Mills, Robert L},
    journal={Physical Review},
    volume={96},
    number={1},
    pages={191},
    year={1954}
}

% ===========================
% WAVE MECHANICS & INTERFERENCE
% ===========================

@book{born1999,
    title={Principles of optics: electromagnetic theory of propagation, interference and diffraction of light},
    author={Born, Max and Wolf, Emil},
    year={1999},
    publisher={Cambridge University Press},
    edition={7th}
}

@article{fresnel1818,
    title={M{\'e}moire sur la diffraction de la lumi{\`e}re},
    author={Fresnel, Augustin-Jean},
    journal={M{\'e}moires de l'Acad{\'e}mie Royale des Sciences de l'Institut de France},
    volume={5},
    pages={339--475},
    year={1826}
}

@article{michelson1887,
    title={On the relative motion of the Earth and the luminiferous ether},
    author={Michelson, Albert Abraham and Morley, Edward Williams},
    journal={American Journal of Science},
    volume={34},
    number={203},
    pages={333--345},
    year={1887}
}

% ===========================
% STELLAR DYNAMICS & N-BODY PROBLEMS
% ===========================

@book{binney2008,
    title={Galactic dynamics},
    author={Binney, James and Tremaine, Scott},
    year={2008},
    publisher={Princeton University Press},
    edition={2nd}
}

@article{poincare1890,
    title={Sur le probl{\`e}me des trois corps et les {\'e}quations de la dynamique},
    author={Poincar{\'e}, Henri},
    journal={Acta Mathematica},
    volume={13},
    number={1},
    pages={1--270},
    year={1890}
}

% ===========================
% RECENT ADVANCES
% ===========================

@article{abbott2017,
    title={Multi-messenger observations of a binary neutron star merger},
    author={Abbott, Benjamin P and Abbott, R and Abbott, TD and others},
    journal={The Astrophysical Journal Letters},
    volume={848},
    number={2},
    pages={L12},
    year={2017}
}

@article{penrose2020,
    title={The road to reality: A complete guide to the laws of the universe},
    author={Penrose, Roger},
    year={2004},
    publisher={Jonathan Cape},
    note={Comprehensive mathematical physics framework}
}

% End physics references